% Boeken

% Zie TODO's. SNMP info
@book{moreau,
	author = "Joris Moreau",
	title = "Computernetwerken III: netwerkbeheer",
	chapter = "SNMP",
}

% SNMP operatie's/commando's
@book{essentialsnmp,
	author = "Douglas R. Mauro en Kevin J. Schmidt",
	title = "Essential SNMP",
	edition = "2",
	year = "2005",
	publisher = "O'Reilly Media",
	isbn = "978-0596008406",
}


% Websites

% Korte beschrijving ARP
@online{arp-nlwiki,
	title = "Address Resolution Protocol - Wikipedia, the free encyclopedia",
	url = "https://nl.wikipedia.org/wiki/Address_Resolution_Protocol",
}

% Niet geciteerd, SNMP versies
@online{snmp-wiki,
	title = "Simple Network Management Protocol - Wikipedia, the free encyclopedia",
	url = "https://en.wikipedia.org/wiki/Snmp",
}

% SNMP RFC's
@online{snmp-versions,
	title = "SNMPinfo: SNMP Versions",
	author = "David T. Perkins",
	url = "http://www.snmpinfo.com/versions.htm",
}

% Jaar standaardisatie SNMPv3 door IETF
@online{snmpv3,
	title = "SNMP Version 3 (SNMPv3)",
	url = "http://www.ibr.cs.tu-bs.de/projects/snmpv3/",
}

% Over Performance Counters
@online{performance-counters-intro,
	title = "An Introduction To Performance Counters - CodeProject",
	author = "Michael Groeger",
	year = "2005",
	url = "http://www.codeproject.com/Articles/8590/An-Introduction-To-Performance-Counters",
}

% .NET Logging Frameworks
@online{logging-frameworks,
	title = "Comparison of .NET Logging Frameworks and Libraries",
	url = "http://www.dotnetlogging.com/comparison/",
}

% .NET Logging Frameworks - Feature & Performance Comparison
@online{logging-frameworks-and-performance,
	title = "Comparison of logging frameworks - Essential Diagnostics",
	url = "https://essentialdiagnostics.codeplex.com/wikipage?title=Comparison",
}

% Apache log4net
@online{apache-log4net,
	title = "Apache log4net",
	url = "https://logging.apache.org/log4net/",
}